@misc{muest2017,
  author        = {Tapia García,Jesús Alberto},
  title         = {{Muestreo Estadístico 1}},
  year          = {2017/18},
  publisher     = {Facultad de Ciencias: Departamento de Estadística}
}

@article{matematicaDiscreta2016notes,
  author={Larrinaga Miner,Esperanza and Pérez Martínez,María Felisa and Suárez Barrio, Araceli},
  title={Grado en Ingeniería Informática, UVa: Matemática Discreta},
  publisher={Universidad de Valladolid},
  year={2014}
}

@book{sarndal2003model,
  title={Model assisted survey sampling},
  author={S{\"a}rndal, Carl-Erik and Swensson, Bengt and Wretman, Jan},
  year={2003},
  publisher={Springer Science \& Business Media}
}
